@inproceedings{chaum1991group,
  title={Group signatures},
  author={Chaum, David and Van Heyst, Eug{\`e}ne},
  booktitle={Advances in Cryptology—EUROCRYPT’91},
  pages={257--265},
  year={1991},
  organization={Springer}
}
@inproceedings{bellare2003foundations,
  title={Foundations of group signatures: Formal definitions, simplified requirements, and a construction based on general assumptions},
  author={Bellare, Mihir and Micciancio, Daniele and Warinschi, Bogdan},
  booktitle={Eurocrypt},
  volume={2656},
  pages={614--629},
  year={2003},
  organization={Springer}
}
@inproceedings{ateniese1999some,
  title={Some open issues and new directions in group signatures},
  author={Ateniese, Giuseppe and Tsudik, Gene},
  booktitle={International Conference on Financial Cryptography},
  pages={196--211},
  year={1999},
  organization={Springer}
}
@inproceedings{lee2010fiat,
  title={The Fiat-Shamir Transform for Group and Ring Signature Schemes.},
  author={Lee, Ming-Feng and Smart, Nigel P and Warinschi, Bogdan},
  booktitle={SCN},
  pages={363--380},
  year={2010},
  organization={Springer}
}
@inproceedings{zhu2013privacy,
  title={Privacy-preserving authentication based on group signature for VANETs},
  author={Zhu, Xiaoyan and Jiang, Shunrong and Wang, Liangmin and Li, Hui and Zhang, Weidong and Li, Zan},
  booktitle={Globecom Workshops (GC Wkshps), 2013 IEEE},
  pages={4609--4614},
  year={2013},
  organization={IEEE}
}
@inproceedings{malina2015secure,
  title={Secure electronic voting based on group signatures},
  author={Malina, Lukas and Smrz, Jan and Hajny, Jan and Vrba, Kamil},
  booktitle={Telecommunications and Signal Processing (TSP), 2015 38th International Conference on},
  pages={6--10},
  year={2015},
  organization={IEEE}
}
@inproceedings{lysyanskaya1998group,
  title={Group blind digital signatures: A scalable solution to electronic cash},
  author={Lysyanskaya, Anna and Ramzan, Zulfikar},
  booktitle={Financial cryptography},
  pages={184--197},
  year={1998},
  organization={Springer}
}
@inproceedings{manulis2006democratic,
  title={Democratic group signatures: on an example of joint ventures},
  author={Manulis, Mark},
  booktitle={Proceedings of the 2006 ACM Symposium on Information, computer and communications security},
  pages={365--365},
  year={2006},
  organization={ACM}
}
@inproceedings{manulis2006linkable,
  title={Linkable democratic group signatures},
  author={Manulis, Mark and Sadeghi, Ahmad-Reza and Schwenk, J{\"o}rg},
  booktitle={International Conference on Information Security Practice and Experience},
  pages={187--201},
  year={2006},
  organization={Springer}
}
@article{li2009,
  title={Democratic group signatures with threshold traceability},
  author={Li, Xiang-xue and Qian, Hai-feng and Li, Jian-hua},
  journal={Journal of Shanghai Jiaotong University (Science)},
  volume={14},
  number={1},
  pages={98--101},
  year={2009},
  publisher={Springer}
}
@article{li2009democratic,
  title={Democratic group signatures with collective traceability},
  author={Li, Xiangxue and Zheng, Dong and Chen, Kefei and Li, Jianhua},
  journal={Computers \& Electrical Engineering},
  volume={35},
  number={5},
  pages={664--672},
  year={2009},
  publisher={Elsevier}
}
@inproceedings{ding2004leak,
  title={Leak-free group signatures with immediate revocation},
  author={Ding, Xuhua and Tsudik, Gene and Xu, Shouhuai},
  booktitle={Distributed Computing Systems, 2004. Proceedings. 24th International Conference on},
  pages={608--615},
  year={2004},
  organization={IEEE}
}
@inproceedings{camenisch1999separability,
  title={Separability and efficiency for generic group signature schemes},
  author={Camenisch, Jan and Michels, Markus and others},
  booktitle={Annual International Cryptology Conference},
  pages={413--430},
  year={1999},
  organization={Springer}
}
@article{bellare2005foundations,
  title={Foundations of group signatures: The case of dynamic groups. CT-RSA 2005},
  author={Bellare, Mihir and Shi, Haixia and Zhang, Chong},
  journal={Springer-Verlag, LNCS},
  volume={3376},
  pages={136--153},
  year={2005}
}
@article{camenisch1997efficient,
  title={Efficient group signature schemes for large groups},
  author={Camenisch, Jan and Stadler, Markus},
  journal={Advances in Cryptology—CRYPTO'97},
  pages={410--424},
  year={1997},
  publisher={Springer}
}
@inproceedings{ateniese1999group,
  title={Group signatures {\'a} la carte},
  author={Ateniese, Giuseppe and Tsudik, Gene},
  booktitle={Symposium on Discrete Algorithms: Proceedings of the tenth annual ACM-SIAM symposium on Discrete algorithms},
  volume={17},
  number={19},
  pages={848--849},
  year={1999}
}
@inproceedings{camenisch1998group,
  title={A group signature scheme with improved efficiency},
  author={Camenisch, Jan and Michels, Markus},
  booktitle={Asiacrypt},
  volume={98},
  pages={160--174},
  year={1998},
  organization={Springer}
}
@inproceedings{bresson2001efficient,
  title={Efficient revocation in group signatures},
  author={Bresson, Emmanuel and Stern, Jacques},
  booktitle={Public Key Cryptography},
  volume={1992},
  pages={190--206},
  year={2001},
  organization={Springer}
}
@inproceedings{ateniese2002quasi,
  title={Quasi-efficient revocation of group signatures},
  author={Ateniese, Giuseppe and Song, Dawn and Tsudik, Gene},
  booktitle={International Conference on Financial Cryptography},
  pages={183--197},
  year={2002},
  organization={Springer}
}
@inproceedings{camenisch2002dynamic,
  title={Dynamic accumulators and application to efficient revocation of anonymous credentials},
  author={Camenisch, Jan and Lysyanskaya, Anna},
  booktitle={Crypto},
  volume={2442},
  pages={61--76},
  year={2002},
  organization={Springer}
}
@inproceedings{nakanishi2004group,
  title={A group signature scheme with efficient membership revocation for reasonable groups},
  author={Nakanishi, Toru and Sugiyama, Yuji},
  booktitle={Australasian Conference on Information Security and Privacy},
  pages={336--347},
  year={2004},
  organization={Springer}
}
@inproceedings{nakanishi2005group,
  title={Group Signature Schemes with Membership Revocation for Large Groups.},
  author={Nakanishi, Toru and Kubooka, Fumiaki and Hamada, Naoto and Funabiki, Nobuo},
  booktitle={ACISP},
  pages={443--454},
  year={2005},
  organization={Springer}
}
@inproceedings{camenisch2004group,
  title={Group Signatures: Better Efficiency and New Theoretical Aspects.},
  author={Camenisch, Jan and Groth, Jens},
  booktitle={SCN},
  volume={3352},
  pages={120--133},
  year={2004},
  organization={Springer}
}
@inproceedings{ateniese2000practical,
  title={A practical and provably secure coalition-resistant group signature scheme},
  author={Ateniese, Giuseppe and Camenisch, Jan and Joye, Marc and Tsudik, Gene},
  booktitle={Advances in Cryptology—CRYPTO 2000},
  pages={255--270},
  year={2000},
  organization={Springer}
}
@article{elgamal1985public,
  title={A public key cryptosystem and a signature scheme based on discrete logarithms},
  author={ElGamal, Taher},
  journal={IEEE transactions on information theory},
  volume={31},
  number={4},
  pages={469--472},
  year={1985},
  publisher={IEEE}
}
@inproceedings{tsudik2003accumulating,
  title={Accumulating composites and improved group signing},
  author={Tsudik, Gene and Xu, Shouhuai},
  booktitle={Asiacrypt},
  volume={2894},
  pages={269--286},
  year={2003},
  organization={Springer}
}
@inproceedings{kiayias2005efficient,
  title={Efficient secure group signatures with dynamic joins and keeping anonymity against group managers},
  author={Kiayias, Aggelos and Yung, Moti},
  booktitle={Mycrypt},
  pages={151--170},
  year={2005},
  organization={Springer}
}
@article{kiayias2006secure,
  title={Secure scalable group signature with dynamic joins and separable authorities},
  author={Kiayias, Aggelos and Yung, Moti},
  journal={International Journal of Security and Networks},
  volume={1},
  number={1-2},
  pages={24--45},
  year={2006},
  publisher={Inderscience Publishers}
}
@inproceedings{chen1994new,
  title={New group signature schemes},
  author={Chen, Lidong and Pedersen, Torben P},
  booktitle={Workshop on the Theory and Application of of Cryptographic Techniques},
  pages={171--181},
  year={1994},
  organization={Springer}
}
@inproceedings{petersen1998convert,
  title={How to convert any digital signature scheme into a group signature scheme},
  author={Petersen, Holger},
  booktitle={Security Protocols},
  pages={177--190},
  year={1998},
  organization={Springer}
}
@article{ateniese2003efficient,
  title={Efficient group signatures without trapdoors},
  author={Ateniese, Giuseppe and De Medeiros, Breno},
  journal={Advances in Cryptology-ASIACRYPT 2003},
  pages={246--268},
  year={2003},
  publisher={Springer}
}
@article{nyberg1996message,
  title={Message recovery for signature schemes based on the discrete logarithm problem},
  author={Nyberg, Kaisa and Rueppel, Rainer A},
  journal={Designs, Codes and Cryptography},
  volume={7},
  number={1-2},
  pages={61--81},
  year={1996},
  publisher={Springer}
}
@inproceedings{furukawa2004group,
  title={Group Signatures with Separate and Distributed Authorities.},
  author={Furukawa, Jun and Yonezawa, Shoko},
  booktitle={SCN},
  volume={3352},
  pages={77--90},
  year={2004},
  organization={Springer}
}
@inproceedings{pedersen1991threshold,
  title={A threshold cryptosystem without a trusted party},
  author={Pedersen, Torben},
  booktitle={Advances in Cryptology—EUROCRYPT’91},
  pages={522--526},
  year={1991},
  organization={Springer}
}
@inproceedings{boneh2004short,
  title={Short group signatures},
  author={Boneh, Dan and Boyen, Xavier and Shacham, Hovav},
  booktitle={Crypto},
  volume={3152},
  pages={41--55},
  year={2004},
  organization={Springer}
}
@inproceedings{camenisch2004signature,
  title={Signature schemes and anonymous credentials from bilinear maps},
  author={Camenisch, Jan and Lysyanskaya, Anna},
  booktitle={Annual International Cryptology Conference},
  pages={56--72},
  year={2004},
  organization={Springer}
}
@inproceedings{cramer1998practical,
  title={A practical public key cryptosystem provably secure against adaptive chosen ciphertext attack},
  author={Cramer, Ronald and Shoup, Victor},
  booktitle={Advances in Cryptology—CRYPTO'98},
  pages={13--25},
  year={1998},
  organization={Springer}
}
@inproceedings{bichsel2010get,
  title={Get Shorty via Group Signatures without Encryption.},
  author={Bichsel, Patrik and Camenisch, Jan and Neven, Gregory and Smart, Nigel P and Warinschi, Bogdan},
  booktitle={SCN},
  volume={10},
  pages={381--398},
  year={2010},
  organization={Springer}
}
@inproceedings{balfanz2003secret,
  title={Secret handshakes from pairing-based key agreements},
  author={Balfanz, Dirk and Durfee, Glenn and Shankar, Narendar and Smetters, Diana and Staddon, Jessica and Wong, Hao-Chi},
  booktitle={Security and Privacy, 2003. Proceedings. 2003 Symposium on},
  pages={180--196},
  year={2003},
  organization={IEEE}
}
@inproceedings{castelluccia2004secret,
  title={Secret Handshakes from CA-Oblivious Encryption.},
  author={Castelluccia, Claude and Jarecki, Stanislaw and Tsudik, Gene},
  booktitle={Asiacrypt},
  volume={3329},
  pages={293--307},
  year={2004},
  organization={Springer}
}
@article{vergnaud2006rsa,
  title={RSA-based secret handshakes},
  author={Vergnaud, Damien},
  journal={Lecture notes in computer science},
  volume={3969},
  pages={252},
  year={2006},
  publisher={Springer}
}
@article{jarecki2008beyond,
  title={Beyond secret handshakes: Affiliation-hiding authenticated key exchange},
  author={Jarecki, Stanis{\l}aw and Kim, Jihye and Tsudik, Gene},
  journal={Topics in Cryptology--CT-RSA 2008},
  pages={352--369},
  year={2008},
  publisher={Springer}
}
@inproceedings{manulis2011affiliation,
  title={Affiliation-hiding authentication with minimal bandwidth consumption},
  author={Manulis, Mark and Poettering, Bertram},
  booktitle={IFIP International Workshop on Information Security Theory and Practices},
  pages={85--99},
  year={2011},
  organization={Springer}
}
@inproceedings{manulis2011practical,
  title={Practical affiliation-hiding authentication from improved polynomial interpolation},
  author={Manulis, Mark and Poettering, Bertram},
  booktitle={Proceedings of the 6th ACM Symposium on Information, Computer and Communications Security},
  pages={286--295},
  year={2011},
  organization={ACM}
}
@inproceedings{manulis2010affiliation2,
  title={Affiliation-hiding key exchange with untrusted group authorities},
  author={Manulis, Mark and Poettering, Bertram and Tsudik, Gene},
  booktitle={Applied Cryptography and Network Security},
  pages={402--419},
  year={2010},
  organization={Springer}
}
@inproceedings{ateniese2007secret,
  title={Secret Handshakes with Dynamic and Fuzzy Matching.},
  author={Ateniese, Giuseppe and Kirsch, Jonathan and Blanton, Marina},
  booktitle={NDSS},
  volume={7},
  pages={1--19},
  year={2007}
}
@inproceedings{jarecki2007unlinkable,
  title={Unlinkable secret handshakes and key-private group key management schemes},
  author={Jarecki, Stanis{\l}aw and Liu, Xiaomin},
  booktitle={Applied Cryptography and Network Security},
  pages={270--287},
  year={2007},
  organization={Springer}
}
@article{law2009private,
  title={Private mutual authentication and conditional oblivious transfer},
  author={law Jarecki, Stanis and Liu, Xiaomin},
  journal={CRYPTO 2009},
  pages={90},
  year={2009},
  publisher={Springer}
}
@inproceedings{tsudik2006flexible,
  title={A Flexible Framework for Secret Handshakes.},
  author={Tsudik, Gene and Xu, Shouhuai},
  booktitle={Privacy Enhancing Technologies},
  volume={2006},
  pages={295--315},
  year={2006},
  organization={Springer}
}
@inproceedings{manulis2010taming,
  title={Taming Big Brother Ambitions: More Privacy for Secret Handshakes.},
  author={Manulis, Mark and Poettering, Bertram and Tsudik, Gene},
  booktitle={Privacy Enhancing Technologies},
  volume={6205},
  pages={149--165},
  year={2010},
  organization={Springer}
}
@inproceedings{chaum1983blind,
  title={Blind signatures for untraceable payments},
  author={Chaum, David},
  booktitle={Advances in cryptology},
  pages={199--203},
  year={1983},
  organization={Springer}
}
@inproceedings{chaum1986secure,
  title={A Secure and Privacy-protecting Protocol for Transmitting Personal Information Between Organizations.},
  author={Chaum, David and Evertse, Jan-Hendrik},
  booktitle={Crypto},
  volume={86},
  pages={118--167},
  year={1986},
  organization={Springer}
}
@article{chaum1985security,
  title={Security without identification: Transaction systems to make big brother obsolete},
  author={Chaum, David},
  journal={Communications of the ACM},
  volume={28},
  number={10},
  pages={1030--1044},
  year={1985},
  publisher={ACM}
}
@inproceedings{damgaard1988payment,
  title={Payment systems and credential mechanisms with provable security against abuse by individuals},
  author={Damg{\aa}rd, Ivan Bjerre},
  booktitle={Conference on the Theory and Application of Cryptography},
  pages={328--335},
  year={1988},
  organization={Springer}
}
@inproceedings{lysyanskaya1999pseudonym,
  title={Pseudonym systems},
  author={Lysyanskaya, Anna and Rivest, Ronald L and Sahai, Amit and Wolf, Stefan},
  booktitle={Selected Areas in Cryptography},
  volume={1758},
  pages={184--199},
  year={1999},
  organization={Springer}
}
@article{camenisch2001efficient,
  title={An efficient system for non-transferable anonymous credentials with optional anonymity revocation},
  author={Camenisch, Jan and Lysyanskaya, Anna},
  journal={Advances in Cryptology—EUROCRYPT 2001},
  pages={93--118},
  year={2001},
  publisher={Springer}
}
@inproceedings{camenisch2008efficient,
  title={Efficient attributes for anonymous credentials},
  author={Camenisch, Jan and Gro{\ss}, Thomas},
  booktitle={Proceedings of the 15th ACM conference on Computer and communications security},
  pages={345--356},
  year={2008},
  organization={ACM}
}
@inproceedings{camenisch2009accumulator,
  title={An accumulator based on bilinear maps and efficient revocation for anonymous credentials},
  author={Camenisch, Jan and Kohlweiss, Markulf and Soriente, Claudio},
  booktitle={International Workshop on Public Key Cryptography},
  pages={481--500},
  year={2009},
  organization={Springer}
}
@inproceedings{camenisch2010solving,
  title={Solving Revocation with Efficient Update of Anonymous Credentials.},
  author={Camenisch, Jan and Kohlweiss, Markulf and Soriente, Claudio},
  booktitle={SCN},
  volume={10},
  pages={454--471},
  year={2010},
  organization={Springer}
}
@inproceedings{bichsel2009anonymous,
  title={Anonymous credentials on a standard java card},
  author={Bichsel, Patrik and Camenisch, Jan and Gro{\ss}, Thomas and Shoup, Victor},
  booktitle={Proceedings of the 16th ACM conference on Computer and communications security},
  pages={600--610},
  year={2009},
  organization={ACM}
}
@inproceedings{yang2006anonymous,
  title={Anonymous signature schemes},
  author={Yang, Guomin and Wong, Duncan S and Deng, Xiaotie and Wang, Huaxiong},
  booktitle={Public Key Cryptography},
  volume={3958},
  pages={347--363},
  year={2006},
  organization={Springer}
}
@inproceedings{fischlin2007anonymous,
  title={Anonymous signatures made easy},
  author={Fischlin, Marc},
  booktitle={Public Key Cryptography},
  volume={4450},
  pages={31--42},
  year={2007},
  organization={Springer}
}
@article{bellare2009partial,
  title={Partial Signatures and their Applications.},
  author={Bellare, Mihir and Duan, Shanshan},
  journal={IACR Cryptology ePrint Archive},
  volume={2009},
  pages={336},
  year={2009}
}
@article{saraswat2009anonymous,
  title={Anonymous Signatures Revisited.},
  author={Saraswat, Vishal and Yun, Aaram},
  journal={ProvSec},
  volume={5848},
  pages={140--153},
  year={2009},
  publisher={Springer}
}
@article{zhang2008strong,
  title={Strong Anonymous Signatures.},
  author={Zhang, Rui and Imai, Hideki},
  journal={Inscrypt},
  volume={5487},
  pages={60--71},
  year={2008},
  publisher={Springer}
}
@inproceedings{camenisch2004efficient,
  title={Efficient Blind Signatures Without Random Oracles.},
  author={Camenisch, Jan and Koprowski, Maciej and Warinschi, Bogdan},
  booktitle={SCN},
  volume={4},
  pages={134--148},
  year={2004},
  organization={Springer}
}
@inproceedings{kiayias2006concurrent,
  title={Concurrent blind signatures without random oracles},
  author={Kiayias, Aggelos and Zhou, Hong-Sheng},
  booktitle={SCN},
  volume={6},
  pages={49--62},
  year={2006},
  organization={Springer}
}
@article{kiayias2008equivocal,
  title={Equivocal blind signatures and adaptive UC-security},
  author={Kiayias, Aggelos and Zhou, Hong-Sheng},
  journal={Theory of Cryptography},
  pages={340--355},
  year={2008},
  publisher={Springer}
}
@article{pointcheval2000security,
  title={Security arguments for digital signatures and blind signatures},
  author={Pointcheval, David and Stern, Jacques},
  journal={Journal of cryptology},
  volume={13},
  number={3},
  pages={361--396},
  year={2000},
  publisher={Springer}
}
@article{abe2001secure,
  title={A secure three-move blind signature scheme for polynomially many signatures},
  author={Abe, Masayuki},
  journal={Advances in Cryptology—Eurocrypt 2001},
  pages={136--151},
  year={2001},
  publisher={Springer}
}
@inproceedings{abe2010structure,
  title={Structure-Preserving Signatures and Commitments to Group Elements.},
  author={Abe, Masayuki and Fuchsbauer, Georg and Groth, Jens and Haralambiev, Kristiyan and Ohkubo, Miyako},
  booktitle={Crypto},
  volume={6223},
  pages={209--236},
  year={2010},
  organization={Springer}
}
@inproceedings{boldyreva2003threshold,
  title={Threshold signatures, multisignatures and blind signatures based on the gap-Diffie-Hellman-group signature scheme},
  author={Boldyreva, Alexandra},
  booktitle={International Workshop on Public Key Cryptography},
  pages={31--46},
  year={2003},
  organization={Springer}
}
@inproceedings{brickell2004direct,
  title={Direct anonymous attestation},
  author={Brickell, Ernie and Camenisch, Jan and Chen, Liqun},
  booktitle={Proceedings of the 11th ACM conference on Computer and communications security},
  pages={132--145},
  year={2004},
  organization={ACM}
}
@article{rivest2001leak,
  title={How to leak a secret},
  author={Rivest, Ronald and Shamir, Adi and Tauman, Yael},
  journal={Advances in Cryptology—ASIACRYPT 2001},
  pages={552--565},
  year={2001},
  publisher={Springer}
}
@article{bender2009ring,
  title={Ring signatures: Stronger definitions, and constructions without random oracles},
  author={Bender, Adam and Katz, Jonathan and Morselli, Ruggero},
  journal={Journal of Cryptology},
  volume={22},
  number={1},
  pages={114--138},
  year={2009},
  publisher={Springer}
}
@inproceedings{liu2004linkable,
  title={Linkable spontaneous anonymous group signature for ad hoc groups},
  author={Liu, Joseph K and Wei, Victor K and Wong, Duncan S},
  booktitle={ACISP},
  volume={4},
  pages={325--335},
  year={2004},
  organization={Springer}
}
@inproceedings{tsang2004separable,
  title={Separable Linkable Threshold Ring Signatures.},
  author={Tsang, Patrick P and Wei, Victor K and Chan, Tony K and Au, Man Ho and Liu, Joseph K and Wong, Duncan S},
  booktitle={Indocrypt},
  volume={3348},
  pages={384--398},
  year={2004},
  organization={Springer}
}
@inproceedings{tsang2005short,
  title={Short linkable ring signatures for e-voting, e-cash and attestation},
  author={Tsang, Patrick P and Wei, Victor K},
  booktitle={ISPEC},
  volume={3439},
  pages={48--60},
  year={2005},
  organization={Springer}
}
@article{lee2005convertible,
  title={Convertible ring signature},
  author={Lee, K-C and Wen, H-A and Hwang, Tzonelih},
  journal={IEE Proceedings-Communications},
  volume={152},
  number={4},
  pages={411--414},
  year={2005},
  publisher={IET}
}
@inproceedings{zhang2006new,
  title={A new verifiable ring signature scheme based on nyberg-rueppel scheme},
  author={Zhang, C and Liu, Y and He, D},
  booktitle={The 8th International Conference on Signal Processing},
  year={2006}
}
@article{chandran2007ring,
  title={Ring signatures of sub-linear size without random oracles},
  author={Chandran, Nishanth and Groth, Jens and Sahai, Amit},
  journal={Automata, Languages and Programming},
  pages={423--434},
  year={2007},
  publisher={Springer}
}
@inproceedings{kiayias2004traceable,
  title={Traceable signatures},
  author={Kiayias, Aggelos and Tsiounis, Yiannis and Yung, Moti},
  booktitle={Eurocrypt},
  volume={3027},
  pages={571--589},
  year={2004},
  organization={Springer}
}
@inproceedings{naor1989universal,
  title={Universal one-way hash functions and their cryptographic applications},
  author={Naor, Moni and Yung, Moti},
  booktitle={Proceedings of the twenty-first annual ACM symposium on Theory of computing},
  pages={33--43},
  year={1989},
  organization={ACM}
}
@inproceedings{damgaard1987collision,
  title={Collision free hash functions and public key signature schemes},
  author={Damg{\aa}rd, Ivan Bjerre},
  booktitle={Workshop on the Theory and Application of of Cryptographic Techniques},
  pages={203--216},
  year={1987},
  organization={Springer}
}
@inproceedings{bellare1993random,
  title={Random oracles are practical: A paradigm for designing efficient protocols},
  author={Bellare, Mihir and Rogaway, Phillip},
  booktitle={Proceedings of the 1st ACM conference on Computer and communications security},
  pages={62--73},
  year={1993},
  organization={ACM}
}
@inproceedings{babai1985trading,
  title={Trading group theory for randomness},
  author={Babai, L{\'a}szl{\'o}},
  booktitle={Proceedings of the seventeenth annual ACM symposium on Theory of computing},
  pages={421--429},
  year={1985},
  organization={ACM}
}
@article{babai1988arthur,
  title={Arthur-Merlin games: a randomized proof system, and a hierarchy of complexity classes},
  author={Babai, L{\'a}szl{\'o} and Moran, Shlomo},
  journal={Journal of Computer and System Sciences},
  volume={36},
  number={2},
  pages={254--276},
  year={1988},
  publisher={Elsevier}
}
@article{goldwasser1989knowledge,
  title={The knowledge complexity of interactive proof systems},
  author={Goldwasser, Shafi and Micali, Silvio and Rackoff, Charles},
  journal={SIAM Journal on computing},
  volume={18},
  number={1},
  pages={186--208},
  year={1989},
  publisher={SIAM}
}
@article{schnorr1991efficient,
  title={Efficient signature generation by smart cards},
  author={Schnorr, Claus-Peter},
  journal={Journal of cryptology},
  volume={4},
  number={3},
  pages={161--174},
  year={1991},
  publisher={Springer}
}
@inproceedings{chaum1987improved,
  title={An improved protocol for demonstrating possession of discrete logarithms and some generalizations},
  author={Chaum, David and Evertse, Jan-Hendrik and Van De Graaf, Jeroen},
  booktitle={Workshop on the Theory and Application of of Cryptographic Techniques},
  pages={127--141},
  year={1987},
  organization={Springer}
}
@inproceedings{camenisch1997efficientand,
  title={Efficient and generalized group signatures},
  author={Camenisch, Jan and others},
  booktitle={Eurocrypt},
  volume={97},
  pages={465--479},
  year={1997},
  organization={Springer}
}
@inproceedings{chase2006signatures,
  title={On signatures of knowledge},
  author={Chase, Melissa and Lysyanskaya, Anna},
  booktitle={Proceedings of the 26th annual international conference on Advances in Cryptology},
  pages={78--96},
  year={2006},
  organization={Springer-Verlag}
}